<?xml version="1.0" encoding="UTF-8"?><collection xmlns="http://www.loc.gov/MARC21/slim"><record><leader>00376nam--2200133-i-4500</leader><controlfield tag="001">000003596</controlfield><controlfield tag="002">20161230</controlfield><controlfield tag="005">20161230201025</controlfield><controlfield tag="008">060222s1000------------r-----000-0-eng-d</controlfield><datafield ind1=" " ind2=" " tag="080"><subfield code="a">531.7 + 621.2(082)</subfield></datafield><datafield ind1=" " ind2=" " tag="245"><subfield code="a">Aparate de masura si control. traduceri din literatura sovietica de specialitate</subfield></datafield><datafield ind1=" " ind2=" " tag="260"><subfield code="a">Bucuresti, Edit.Acad. Rpr., 1955 123 P</subfield></datafield><datafield ind1=" " ind2=" " tag="490"><subfield code="a">29</subfield></datafield><datafield ind1=" " ind2=" " tag="852"><subfield code="a">3817</subfield></datafield></record></collection>